<?xml version="1.0" encoding="UTF-8"?><collection xmlns="http://www.loc.gov/MARC21/slim"><record><leader>00533nam--2200181-i-4500</leader><controlfield tag="001">000002855</controlfield><controlfield tag="002">20161230</controlfield><controlfield tag="005">20170118002217</controlfield><controlfield tag="008">060222s1000------------r-----000-0-eng-d</controlfield><datafield ind1=" " ind2=" " tag="040"><subfield code="a">IFIN-HH</subfield></datafield><datafield ind1=" " ind2=" " tag="080"><subfield code="a">535</subfield></datafield><datafield ind1="1" ind2=" " tag="100"><subfield code="a">Bennett, A. H</subfield></datafield><datafield ind1="1" ind2="0" tag="245"><subfield code="a">Phase microscopy</subfield><subfield code="b">Principles and applications</subfield><subfield code="c">A.H. Bennett, Harold Osterberg, Helen Jupnik, Oscar W. Richards</subfield></datafield><datafield ind1=" " ind2=" " tag="260"><subfield code="a">New York</subfield><subfield code="b">John Wiley &amp; Sons, Inc</subfield><subfield code="c">1951</subfield></datafield><datafield ind1=" " ind2=" " tag="300"><subfield code="a">XIII + 320 p</subfield></datafield><datafield ind1="1" ind2=" " tag="700"><subfield code="a">Richards, Oscar W</subfield></datafield><datafield ind1=" " ind2=" " tag="852"><subfield code="a">10833</subfield><subfield code="c">535</subfield></datafield><datafield ind1=" " ind2=" " tag="CAT"><subfield code="a">SYS</subfield><subfield code="c">20170118</subfield><subfield code="h">002217</subfield></datafield></record></collection>